<record><leader>00000cas a2200000 a 4500</leader><controlfield tag="001">9300112</controlfield><controlfield tag="008">830310d18511867ohudn ne      0    0eng c</controlfield><datafield ind1=" " ind2=" " tag="010"><subfield code="a">sn 83045104 </subfield></datafield><datafield ind1=" " ind2=" " tag="040"><subfield code="a">CRL</subfield><subfield code="b">eng</subfield><subfield code="c">CRL</subfield><subfield code="d">NPW</subfield><subfield code="d">NPY</subfield><subfield code="d">NPX</subfield><subfield code="d">DLC</subfield><subfield code="d">PPM</subfield><subfield code="d">ONP</subfield><subfield code="d">DLC</subfield><subfield code="d">ONP</subfield><subfield code="d">KNP</subfield><subfield code="d">OCL</subfield><subfield code="d">NVF</subfield><subfield code="d">CRL</subfield><subfield code="d">OCLCQ</subfield><subfield code="d">OCLCF</subfield></datafield><datafield ind1="1" ind2=" " tag="029"><subfield code="a">AU@</subfield><subfield code="b">000020282497</subfield></datafield><datafield ind1=" " ind2=" " tag="042"><subfield code="a">pcc</subfield></datafield><datafield ind1=" " ind2=" " tag="043"><subfield code="a">n-us-oh</subfield></datafield><datafield ind1="0" ind2="0" tag="050"><subfield code="a">Newspaper 9330</subfield></datafield><datafield ind1="0" ind2=" " tag="130"><subfield code="a">Daily commercial register (Sandusky, Ohio)</subfield></datafield><datafield ind1="1" ind2="0" tag="245"><subfield code="a">Daily commercial register.</subfield></datafield><datafield ind1="1" ind2="3" tag="246"><subfield code="a">Commercial register</subfield><subfield code="f">1851-&lt;Dec. 31, 1862&gt;</subfield></datafield><datafield ind1=" " ind2=" " tag="260"><subfield code="a">Sandusky City [Ohio] :</subfield><subfield code="b">E. Bill &amp; Co.,</subfield><subfield code="c">1851-1867.</subfield></datafield><datafield ind1=" " ind2=" " tag="300"><subfield code="a">v.</subfield></datafield><datafield ind1=" " ind2=" " tag="310"><subfield code="a">Daily (except Sunday)</subfield></datafield><datafield ind1="0" ind2=" " tag="362"><subfield code="a">New ser., v. 1, no. 1 (May 27, 1851)-v. 27, no. 110 (Oct. 18, 1867).</subfield></datafield><datafield ind1=" " ind2=" " tag="515"><subfield code="a">Issues for May 27, 1851-Apr. 27, 1854 called also old ser., v. 4, no. 27-old ser., v. 6, no. 312.</subfield></datafield><datafield ind1=" " ind2=" " tag="530"><subfield code="a">Also issued on microfilm from Bell &amp; Howell and Readex Film Products.</subfield></datafield><datafield ind1=" " ind2=" " tag="580"><subfield code="a">Weekly eds.: Sandusky weekly register (Sandusky, Ohio : 1851), 1851-&lt;1861&gt;, and: Weekly Sandusky register, &lt;1864&gt;-1867.</subfield></datafield><datafield ind1=" " ind2=" " tag="580"><subfield code="a">Triweekly eds.: Sandusky tri-weekly register (Sandusky, Ohio : 1853), &lt;1853-1862&gt;, and: Tri-weekly commercial register, &lt;1865&gt;.</subfield></datafield><datafield ind1=" " ind2="0" tag="651"><subfield code="a">Sandusky (Ohio)</subfield><subfield code="v">Newspapers.</subfield></datafield><datafield ind1=" " ind2="7" tag="655"><subfield code="a">Newspapers.</subfield><subfield code="2">fast</subfield><subfield code="0">(OCoLC)fst01423814</subfield></datafield><datafield ind1=" " ind2="7" tag="651"><subfield code="a">Ohio</subfield><subfield code="z">Sandusky.</subfield><subfield code="2">fast</subfield><subfield code="0">(OCoLC)fst01216369</subfield></datafield><datafield ind1=" " ind2=" " tag="752"><subfield code="a">United States</subfield><subfield code="b">Ohio</subfield><subfield code="c">Erie</subfield><subfield code="d">Sandusky.</subfield></datafield><datafield ind1="1" ind2=" " tag="775"><subfield code="t">Sandusky weekly register (Sandusky, Ohio : 1851)</subfield><subfield code="w">(DLC)sn 84028035</subfield><subfield code="w">(OCoLC)10384969</subfield></datafield><datafield ind1="1" ind2=" " tag="775"><subfield code="t">Weekly Sandusky register</subfield><subfield code="w">(DLC)sn 84028036</subfield><subfield code="w">(OCoLC)10405608</subfield></datafield><datafield ind1="1" ind2=" " tag="775"><subfield code="t">Sandusky tri-weekly register (Sandusky, Ohio : 1853)</subfield><subfield code="w">(DLC)sn 84028042</subfield><subfield code="w">(OCoLC)10396233</subfield></datafield><datafield ind1="1" ind2=" " tag="775"><subfield code="t">Tri-weekly commercial register</subfield><subfield code="w">(DLC)sn 84028043</subfield><subfield code="w">(OCoLC)10395755</subfield></datafield><datafield ind1="0" ind2="0" tag="780"><subfield code="t">Daily Sanduskian</subfield><subfield code="w">(DLC)sn 83045103</subfield><subfield code="w">(OCoLC)9303954</subfield></datafield><datafield ind1="0" ind2="0" tag="785"><subfield code="t">Sandusky daily register (Sandusky, Ohio : 1867)</subfield><subfield code="w">(DLC)sn 84028040</subfield><subfield code="w">(OCoLC)10386810</subfield></datafield></record>